@MISC{caldera,
	title =        {Perfil de Egreso ICI UV 2016},
	howpublished = {[Online]: http://uv.cl/carreras/p/?c=19085},
	year = 2016
}

@MISC{Open,
	title =        {Online community for open source software education},
	howpublished = {[Online]: http://www.teachingopensource.org},
	year = 2016
}
